
@inproceedings{parham2021traffic,
  title={Traffic engineering with joint link weight and segment optimization},
  author={Parham, Mahmoud and Fenz, Thomas and Süss, Nikolaus and Foerster, Klaus-Tycho and Schmid, Stefan},
  booktitle={Proceedings of the 17th international conference on emerging networking experiments and technologies},
  pages={313--327},
  year={2021}
}

@misc{original_p1,
  author = {Parham, Mahmoud and Fenz, Thomas and Süss, Nikolaus and Foerster, Klaus-Tycho and Schmid, Stefan},
  title = {{TE\_SR\_WAN\_simulation}},
  howpublished = "\url{https://github.com/tfenz/TE_SR_WAN_simulation}",
  year = {2021}, 
  note = "[Online; accessed 11-09-2025]"
}

@misc{original_p2,
  author = {Parham, Mahmoud and Fenz, Thomas and Süss, Nikolaus and Foerster, Klaus-Tycho and Schmid, Stefan},
  title = {{TE\_SR\_experiments\_2021}},
  howpublished = "\url{https://github.com/nikolaussuess/TE_SR_experiments_2021}",
  year = {2021}, 
  note = "[Online; accessed 11-09-2025]"
}

@misc{reproduktion_p1,
  author = {},
  title = {{Erweiterung von TE\_SR\_WAN\_simulation}},
  howpublished = "\url{https://github.com/Makeandbreak09/TE_SR_WAN_simulation}",
  year = {2025}, 
  note = "[Online; accessed 11-09-2025]"
}

@misc{reproduktion_p2,
  author = {},
  title = {{Erweiterung von TE\_SR\_experiments\_2021}},
  howpublished = "\url{https://github.com/Makeandbreak09/TE_SR_experiments_2021}",
  year = {2025}, 
  note = "[Online; accessed 11-09-2025]"
}
